@Article{leppanen2010,
  author = 	 {{J}aakko {L}epp\"{a}nen},
  title = 	 {{Performance of Woodcock delta-tracking in lattice physics applications using the Serpent Monte Carlo reactor physics burnup calculation code}},
  journal = 	 {{Annals of Nuclear Energy}},
  year = 	 {2010},
  OPTkey = 	 {},
  volume = 	 {37},
  OPTnumber = 	 {},
  pages = 	 {715-722},
  OPTmonth = 	 {},
  OPTnote = 	 {},
  OPTannote = 	 {}
}

@Article{morgan2015,
  author = 	 {{L.W.G.} {M}organ and {D.} {K}otlyar},
  title = 	 {{Weighted-delta-tracking for Monte Carlo particle transport}},
  journal = 	 {{Annals of Nuclear Energy}},
  year = 	 {2015},
  OPTkey = 	 {},
  volume = 	 {85},
  OPTnumber = 	 {},
  pages = 	 {1184-1188},
  OPTmonth = 	 {},
  OPTnote = 	 {},
  OPTannote = 	 {}
}

@Article{woodcock1965,
  author = 	 {{W}oodcock, {E.R} and others},
  title = 	 {{Techniques used in the GEM code for Monte Carlo neutronics calculations in reactors and other systems of complex geometry.}},
  journal = 	 {ANL-7050. Argonne National Laboratory.},
  year = 	 {1965},
  OPTkey = 	 {},
  OPTvolume = 	 {},
  OPTnumber = 	 {},
  OPTpages = 	 {},
  OPTmonth = 	 {},
  OPTnote = 	 {},
  OPTannote = 	 {}
}






@Article{metropolis1949,
  author = 	 {{N. Metropolis and S. Ulam}},
  title = 	 {{The Monte Carlo Method}},
  journal = 	 {{Journal of the American Statistical Association}},
  year = 	 {1949},
  volume = 	 {44},
  number = 	 {247},
  pages = 	 {335-341},
}

@PhdThesis{leppanen2007,
  author = 	 {{J. Lepp\"{a}nen}},
  title = 	 {{Development of a New Monte Carlo Reactor Physics Code}},
  school = 	 {{Helsinki University of Technology}},
  year = 	 {2007},
}

@Book{lux1991,
  author = 	 {Lux, Iv\'{a}n and Koblinger, L\'{a}szl\'{o}},
  title = 	 {{Monte Carlo Particle Transport Methods: Neutron and Photon Calculations}},
  publisher = 	 {CRC Press},
  year = 	 {1991},
}

@Book{lewis1993,
  author = 	 {{E. E. Lewis and W.F. Miller, Jr.}},
  title = 	 {{Computational Methods of Neutron Transport}},
  publisher = 	 {American Nuclear Society},
  year = 	 {1993},
}



@Article{leppanen2013,
  author = 	 {{J}aakko {L}epp\"{a}nen},
  title = 	 {{Modeling of Nonuniform Density Distributions in the Serpent 2 Monte Carlo Code}},
  journal = 	 {{Nuclear Science and Engineering}},
  year = 	 {2013},
  OPTkey = 	 {},
  volume = 	 {174},
  OPTnumber = 	 {},
  pages = 	 {318-325},
  OPTmonth = 	 {},
  OPTnote = 	 {},
  OPTannote = 	 {}
}

@techreport {VTT-R-00371-14,
  author = {{Toni Kaltiaisenaho}},
  title = {{Statistical Tests and the Underestimation of Variance in Serpent 2}},
  number = {VTT-R-00371-14},
  institution = {{VTT Technical Research Centre of Finland}},
  year = {2014},
  }

@misc {serpent_web,
  author = {{VTT Technical Research Centre of Finland}},
  title = {{VTT Serpent}},
  howpublished = {\url{http://http://montecarlo.vtt.fi/}},
  note = {Accessed: 2017 April 18}
  }